<record><leader>00000cas a22000007a 4500</leader><controlfield tag="001">29661547</controlfield><controlfield tag="008">940120d19401940scuwr ne      0    0eng d</controlfield><datafield ind1=" " ind2=" " tag="010"><subfield code="a">sn 93067971 </subfield></datafield><datafield ind1=" " ind2=" " tag="040"><subfield code="a">SVN</subfield><subfield code="b">eng</subfield><subfield code="c">SVN</subfield><subfield code="d">OCLCQ</subfield></datafield><datafield ind1=" " ind2=" " tag="042"><subfield code="a">msc</subfield></datafield><datafield ind1="0" ind2=" " tag="130"><subfield code="a">Beaufort times (Beaufort, S.C. : 1940)</subfield></datafield><datafield ind1="1" ind2="0" tag="245"><subfield code="a">Beaufort times.</subfield></datafield><datafield ind1=" " ind2=" " tag="260"><subfield code="a">Beaufort, S.C. :</subfield><subfield code="b">Don Weldon</subfield></datafield><datafield ind1=" " ind2=" " tag="300"><subfield code="a">v.</subfield></datafield><datafield ind1=" " ind2=" " tag="310"><subfield code="a">Weekly</subfield></datafield><datafield ind1="1" ind2=" " tag="362"><subfield code="a">Began in 1940; ceased in 1940?</subfield></datafield><datafield ind1=" " ind2=" " tag="588"><subfield code="a">Description based on: Vol. 1, no. 12 (Aug. 16, 1940).</subfield></datafield><datafield ind1=" " ind2="4" tag="651"><subfield code="a">Beaufort County (S.C.)</subfield><subfield code="v">Newspapers.</subfield></datafield><datafield ind1=" " ind2=" " tag="752"><subfield code="a">United States</subfield><subfield code="b">South Carolina</subfield><subfield code="c">Beaufort</subfield><subfield code="d">Beaufort.</subfield></datafield><datafield ind1="1" ind2=" " tag="029"><subfield code="a">AU@</subfield><subfield code="b">000025897469</subfield></datafield></record>